@article{a.evansSanctuariesSacrificesEleusinian2002,
  title = {Sanctuaries, {{Sacrifices}}, and the {{Eleusinian Mysteries}}},
  author = {A. Evans, Nancy},
  date = {2002},
  journaltitle = {Numen},
  volume = {49},
  pages = {227--254}
}

@book{aristofanesRanas2023,
  title = {Las Ranas},
  author = {Aristófanes},
  date = {2023},
  publisher = {textos.info},
  location = {Menorca}
}

@book{aristofanesTesmoforias,
  title = {Las {{Tesmoforias}}},
  author = {Aristófanes}
}

@artwork{artistDanesVotivrelieveDemeter,
  title = {Danés:  {{Votivrelieve}}. {{Deméter}}, {{Triptolemos}} y {{Perséfone}} / Kore Ståendetitle {{QS}}:{{P1476}},Da:"{{Votivrelief}}. {{Demeter}}, {{Triptolemos}} Og {{Persefone}} / Kore Stående"},
  shorttitle = {Danés},
  author = {family=artist, given=Artista, prefix=desconocidoUnknown, useprefix=false},
  url = {https://commons.wikimedia.org/wiki/File:Ubekendt,_Votivrelief_Demeter,_Triptolemos_og_Persefone_-_kore_st%C3%A5ende,_,_KAS311,_Statens_Museum_for_Kunst.jpg#Licensing},
  urldate = {2025-07-17},
  file = {C:\Users\Eva\Zotero\storage\XYIJASIX\FileUbekendt,_Votivrelief_Demeter,_Triptolemos_og_Persefone_-_kore_stående,_,_KAS311,_Statens_.html}
}

@book{b.torresHimnoHomericoDemeter2001,
  title = {Himno {{Homérico}} a {{Deméter}}},
  editor = {B. Torres, José},
  date = {2001},
  publisher = {Eunsa},
  location = {Navarra}
}

@book{bowdenMysteryCultsAncient2023,
  title = {Mystery Cults in the {{Ancient World}}},
  author = {Bowden, Hugh},
  date = {2023},
  publisher = {Thames \& Hudson},
  location = {Londres}
}

@book{burkertAncientMysteryCults1987,
  title = {Ancient {{Mystery Cults}}},
  author = {Burkert, Walter},
  date = {1987},
  publisher = {Harvard University Press},
  location = {Cambridge}
}

@book{burkertHomoNecansAnthropology1983,
  title = {Homo {{Necans}}: {{The Anthropology}} of {{Ancient Greek Sacrificial Ritual}} and {{Myth}}},
  author = {Burkert, Walter},
  date = {1983},
  publisher = {University of California Press},
  location = {Berkeley}
}

@book{burkertReligionGriegaArcaica2007,
  title = {Religión Griega: Arcaica y Clásica},
  author = {Burkert, Walter},
  date = {2007},
  publisher = {Abada},
  location = {Madrid}
}

@unpublished{calvosorianoMisteriosEleusisImagenes2022,
  title = {Los {{Misterios}} de {{Eleusis}}: {{Imágenes}} y {{Simbolismo}}},
  author = {Calvo Soriano, Guillermo},
  date = {2022}
}

@book{clementedealejandriaProtrerpico2008,
  title = {Protrérpico},
  author = {Clemente de Alejandría, Clemente},
  date = {2008},
  publisher = {Gredos},
  location = {Madrid}
}

@incollection{clintonAthensSamothraceMysteriaSamothracian2021,
  title = {Athens,{{Samothrace}}, and the {{Mysteria}}   of the {{Samothracian Great Gods}}},
  author = {Clinton, Kevin},
  date = {2021},
  publisher = {De Gruyter},
  location = {Berlín}
}

@book{clintonSacredOfficialsEleusinian1974,
  title = {The {{Sacred Officials}} of the {{Eleusinian Mysteries}}},
  author = {Clinton, Kevin},
  date = {1974},
  publisher = {American Philosophical Society},
  location = {Philadelphia}
}

@book{cosmopoulosGreekMysteriesArchaeology2005,
  title = {Greek {{Mysteries}}. {{The Archaeology}} and {{Ritual}} of {{Ancient Greek Secret Cults}}},
  author = {Cosmopoulos, Michael},
  date = {2005},
  publisher = {Routledge},
  location = {London}
}

@book{cosmopoulosGreekMysteriesArchaeology2005a,
  title = {Greek {{Mysteries}}. {{Archaeology}} and {{Ritual}} of {{Ancient Greek Secret Cults}}},
  author = {Cosmopoulos, Michael},
  date = {2005},
  publisher = {{Taylor and Francis e-Library}}
}

@article{darcqueVestigesMyceniensDecouverts1981,
  title = {Les Vestiges Mycéniens Découverts Sous Le {{Telestérion}} d'{{Éleusis}}},
  author = {Darcque, Pascal},
  date = {1981},
  journaltitle = {Bulletin de Correspondance Hellénique},
  volume = {105},
  pages = {593--605}
}

@article{dearribavegaDosDiosasMisterios2020,
  entrysubtype = {magazine},
  title = {Las Dos Diosas y Los {{Misterios}} de {{Eleusis}}},
  author = {family=Arriba Vega, given=Lidia, prefix=de, useprefix=true},
  date = {2020},
  journaltitle = {XII Congreso virtual sobre Historia de las Mujeres},
  pages = {357--377}
}

@inproceedings{dearribavegaDosDiosasMisterios2020a,
  title = {Las Dos Diosas y Los {{Misterios}} de {{Eleusis}}},
  author = {family=Arriba Vega, given=Lidia, prefix=de, useprefix=true},
  date = {2020},
  pages = {357--377},
  location = {Jaén},
  eventtitle = {{{XII Congreso Virtual}} Sobre {{Historia}} de Las {{Mujeres}}}
}

@book{derodasArgonauticas1996,
  title = {Argonaúticas},
  author = {family=Rodas, given=Apolonio, prefix=de, useprefix=true},
  translator = {Valverde Sánchez, Mariano},
  date = {1996},
  publisher = {Gredos},
  location = {Madrid}
}

@article{dowdenGradesEleusinianMysteries1980,
  title = {Grades in the {{Eleusinian Mysteries}}},
  author = {Dowden, Ken},
  date = {1980},
  journaltitle = {Revue de l'histoire des religions},
  volume = {197},
  number = {4},
  pages = {409--427}
}

@incollection{fernandeznietoMorirAguaMorir2012,
  title = {Morir En El Agua, Morir En El Mar. {{Creencias}}, Conductas y Formas Morales En La {{Grecia Antigua}}},
  author = {Fernández Nieto, Francisco Javier},
  date = {2012},
  publisher = {Universidad de Sevilla}
}

@article{gonzalezmerinoHomeroMisterios2023,
  title = {Homero y Los Misterios},
  author = {González Merino, Juan Ignacio},
  date = {2023},
  journaltitle = {Cuadernos de Filología Clásica},
  pages = {111--119}
}

@incollection{gonzalezmerinoHomeroMisterios2023a,
  title = {Homero y Los Misterios},
  author = {González Merino, José},
  date = {2023},
  pages = {2--3}
}

@book{guettelcoleTheoiMegaloiCult1984,
  title = {Theoi {{Megaloi}}: {{The Cult}} of the {{Great Gods}} at {{Samothrace}}},
  author = {Guettel Cole, Susan},
  date = {1984},
  publisher = {Leiden}
}

@book{herodotoHistoria1989,
  title = {Historia},
  author = {Heródoto},
  translator = {Schrader, Carlos},
  date = {1989},
  publisher = {Gredos},
  location = {Madrid}
}

@book{herodotoHistoriaLibroII1992,
  title = {Historia. {{Libro II}}: {{Euterpe}}},
  author = {Heródoto},
  date = {1992},
  publisher = {Gredos},
  location = {Madrid}
}

@book{hesiodoTeogonia1978,
  title = {Teogonía},
  author = {Hesiodo},
  date = {1978},
  publisher = {Universidad Nacional Autónoma de México},
  location = {México}
}

@book{homeroHimnoHomericoDemeter2001,
  title = {Himno Homérico a {{Deméter}}},
  author = {Homero},
  translator = {Torres Guerra, José B.},
  date = {2001},
  series = {Minor},
  publisher = {Eunsa}
}

@article{jouanMicheleDaumasCabiriaca2000,
  title = {Michèle {{Daumas}}, {{Cabiriaca}}. {{Recherches}} Sur l’iconographie Du Culte Des {{Cabires}}},
  author = {Jouan, François},
  date = {2000},
  journaltitle = {Kernos},
  number = {13},
  issn = {0776-3824},
  doi = {10.4000/kernos.1317}
}

@book{kerenyiEleusisImagenArquetipica2004,
  title = {Eleusis: Imagen Arquetípica de La Madre y La Hija},
  author = {Kerényi, Karl},
  date = {2004},
  publisher = {Ediciones Siruela},
  location = {Madrid}
}

@book{kerenyiIntroduccionEsenciaMitologia2004,
  title = {Introducción a La {{Esencia}} de La Mitología},
  author = {Kerenyi, Károly and Jung, Carl},
  date = {2004},
  publisher = {Siruela},
  location = {Madrid}
}

@artwork{koronaiosCaryatidLesserPropylaia2018,
  title = {Caryatid from the {{Lesser Propylaia}}.},
  shorttitle = {English},
  author = {Koronaios, George E.},
  date = {2018-06-07},
  url = {https://commons.wikimedia.org/wiki/File:Caryatid_from_the_Sanctuary_of_Demeter_at_Eleusis_(3)._1st_century_B.C.jpg},
  file = {C:\Users\Eva\Zotero\storage\548XARVK\FileCaryatid_from_the_Sanctuary_of_Demeter_at_Eleusis_(3)._1st_century_B.C.html}
}

@thesis{lynnepalinkasEleusinianGatewaysEntrances2008,
  title = {Eleusinian {{Gateways}}: {{Entrances}} to the {{Sanctuary}} of {{Demeter}} and {{Kore}} at {{Eleusis}} and the {{City Eleusinion}} in {{Athens}}},
  author = {Lynne Palinkas, Jennifer},
  date = {2008},
  institution = {State University of New York at Buffalo}
}

@book{m.dimitrovaTheoroiInitiatesSamothrace2008,
  title = {Theoroi and {{Initiates}} in {{Samothrace}}. {{The Epigraphical Evidence}}},
  author = {M. Dimitrova, Nora},
  date = {2008},
  publisher = {The American School of Classical Studies at Athens},
  location = {Princeton}
}

@book{m.milesAthenianAgoraCity1998,
  title = {The {{Athenian Agora}}. {{The}} City Eleusinion},
  author = {M. Miles, Margaret},
  date = {1998},
  volume = {31},
  publisher = {The American School of Classical Studies at Athens},
  location = {New Jersey}
}

@article{masisiversonContemplacionSalvacionMisterios2012,
  title = {Contemplación y Salvación En Los Misterios Eleusinos},
  author = {Masís Iverson, Katherine},
  date = {2012},
  journaltitle = {Revista Humanidades},
  volume = {2},
  pages = {1--10}
}

@article{moralgarciaInfluenciaMisteriosSamotracia2020,
  title = {La Influencia de Los Misterios de {{Samotracia}} En La Vida Marítima de La {{Antigua Grecia}}},
  author = {Moral García, Carlos},
  date = {2020},
  journaltitle = {Mundo Histórico. Revista de Investigación},
  number = {4}
}

@article{mylonasEleusisEleusinianMysteries1947,
  entrysubtype = {magazine},
  title = {Eleusis and the {{Eleusinian Mysteries}}},
  author = {Mylonas, George},
  date = {1947},
  journaltitle = {The Classical Journal},
  volume = {43},
  number = {3}
}

@book{ovidioMetamorfosis1983,
  title = {Metamorfosis},
  author = {Ovidio},
  date = {1983},
  publisher = {Bruguera},
  location = {Barcelona}
}

@book{plutarcoObrasMoralesCostumbres1995,
  title = {Obras Morales y de Costumbres},
  author = {Plutarco},
  date = {1995},
  publisher = {Gredos},
  location = {Madrid}
}

@book{reyesReligionGriega2018,
  title = {Religión Griega},
  author = {Reyes, Alfonso},
  date = {2018},
  publisher = {Fondo de Cultura Económica},
  location = {Ciudad de México}
}

@article{rivasMisteriosEleusisSu2012,
  title = {Los Misterios de {{Eleusis}} y Su Funcionalidad En {{Ranas}} de {{Aristófanes}}},
  author = {Rivas, Ezequiel},
  date = {2012-01-01},
  journaltitle = {Atienza, A.; Battiston, D.; et al. (coord.) Nóstoi: Estudios a la memoria de Elena Huber},
  url = {https://www.academia.edu/9685948/Los_misterios_de_Eleusis_y_su_funcionalidad_en_Ranas_de_Arist%C3%B3fanes},
  urldate = {2025-06-05},
  abstract = {El fin del presente trabajo es doble: por un lado, una puesta al día y suscinta organización del material disponible acerca del culto mistérico de Eleusis en honor de Deméter, por otro, dar cuenta de la trascendencia de tales cultos y su},
  langid = {english},
  file = {C:\Users\Eva\Zotero\storage\HP2UXWZ3\Los_misterios_de_Eleusis_y_su_funcionalidad_en_Ranas_de_Aristófanes.html}
}

@incollection{romerorecioRecetasParaTratar2012,
  title = {Recetas Para Tratar El Miedo al Mar: Las Ofrendas a Los Dioses},
  booktitle = {La {{Religión}} Del Mar. {{Dioses}} y {{Ritos}} de {{Navegación}} En El {{Mediterráneo Antiguo}}},
  author = {Romero Recio, Mirella},
  date = {2012},
  publisher = {Secretariado de publicaciones de la Universidad de Sevilla},
  location = {Sevilla}
}

@book{schellingMitoSimboloFilosofia2023,
  title = {Mito, Símbolo y Filosofía},
  author = {Schelling, F.W.J. and Creuzer, F.},
  date = {2023},
  publisher = {Ragif Ediciones}
}

@article{stewartNikeSamothraceAnother2016,
  title = {The {{Nike}} of {{Samothrace}}: {{Another View}}},
  author = {Stewart, Andrew},
  date = {2016},
  journaltitle = {American Journal of Archaeology},
  volume = {120},
  number = {3}
}

@book{vernantMitoReligionGrecia2001,
  title = {Mito y Religión En La {{Grecia Antigua}}},
  author = {Vernant, Jean-Pierre},
  date = {2001},
  publisher = {Arial S.A.},
  location = {Barcelona}
}

@article{VestigesMyceniensDecouverts,
  title = {Les Vestiges Mycéniens Découverts Sous Le {{Telestérion}} d'{{Éleusis}}}
}

@inproceedings{villalbababiloniComerciantesGranEscala2022,
  title = {Comerciantes a Gran Escala de La {{Antigua Grecia}}},
  author = {Villalba Babiloni, Teresa Encarnación},
  date = {2022},
  location = {Jaén},
  eventtitle = {X {{Congreso}} Virtual Sobre Historia de Las Vías de Comunicación}
}

@book{w.meyerAncientMysteriesSource1986,
  title = {The {{Ancient Mysteries}}. {{A}} Source Book},
  author = {W. Meyer, Marvin},
  date = {1986},
  publisher = {Harper Collins},
  location = {New York}
}

@incollection{zotero-item-317,
  type = {incollection}
}

@article{zotero-item-319,
  type = {article}
}

@book{zotero-item-339,
  type = {book}
}

@thesis{zotero-item-354,
  type = {thesis}
}
