
@book{aristofanes_tesmoforias_nodate,
	title = {Las Tesmoforias},
	author = {Aristófanes},
}

@book{burkert_ancient_1987,
	location = {Cambridge},
	title = {Ancient Mystery Cults},
	publisher = {Harvard University Press},
	author = {Burkert, Walter},
	date = {1987},
}

@article{de_arriba_vega_dos_2020,
	title = {Las dos diosas y los Misterios de Eleusis},
	pages = {357--377},
	journaltitle = {{XII} Congreso virtual sobre Historia de las Mujeres},
	author = {de Arriba Vega, Lidia},
	date = {2020},
}

@book{kerenyi_eleusis_2004,
	location = {Madrid},
	title = {Eleusis: imagen arquetípica de la madre y la hija},
	publisher = {Ediciones Siruela},
	author = {Kerényi, Karl},
	date = {2004},
}

@book{hesiodo_teogoni_1978,
	location = {México},
	title = {Teogonía},
	publisher = {Universidad Nacional Autónoma de México},
	author = {Hesiodo},
	date = {1978},
}

@article{gonzalez_merino_homero_2023,
	title = {Homero y los misterios},
	pages = {111--119},
	author = {González Merino, Juan Ignacio},
	date = {2023},
}

@book{schelling_mito_2023,
	title = {Mito, símbolo y filosofía},
	publisher = {Ragif Ediciones},
	author = {Schelling, F.W.J. and Creuzer, F.},
	date = {2023},
}

@book{vernant_mito_2001,
	location = {Barcelona},
	title = {Mito y religión en la Grecia Antigua},
	publisher = {Arial S.A.},
	author = {Vernant, Jean-Pierre},
	date = {2001},
}

@article{mylonas_eleusis_1947,
	title = {Eleusis and the Eleusinian Mysteries},
	volume = {43},
	number = {3},
	journaltitle = {The Classical Journal},
	author = {Mylonas, George},
	date = {1947},
}

@book{ovidio_metamorfosis_1983,
	location = {Barcelona},
	title = {Metamorfosis},
	publisher = {Bruguera},
	author = {Ovidio},
	date = {1983},
}

@book{burkert_religion_2007,
	location = {Madrid},
	title = {Religión griega: arcaica y clásica},
	publisher = {Abada},
	author = {Burkert, Walter},
	date = {2007},
}

@book{homero_himno_2001,
	title = {Himno homérico a Deméter},
	series = {Minor},
	publisher = {Eunsa},
	author = {Homero},
	date = {2001},
}

@book{w_meyer_ancient_1986,
	location = {New York},
	title = {The Ancient Mysteries. A source book},
	publisher = {Harper Collins},
	author = {W. Meyer, Marvin},
	date = {1986},
}

@book{cosmopoulos_greek_2005,
	location = {London},
	title = {Greek Mysteries. The Archaeology and Ritual of Ancient Greek Secret Cults},
	publisher = {Routledge},
	author = {B. Cosmopoulos, Michael},
	date = {2005},
}

@book{m_miles_athenian_1998,
	location = {New Jersey},
	title = {The Athenian Agora. The city eleusinion},
	volume = {31},
	publisher = {The American School of Classical Studies at Athens},
	author = {M. Miles, Margaret},
	date = {1998},
}

@book{aristofanes_ranas_2023,
	location = {Menorca},
	title = {Las ranas},
	publisher = {textos.info},
	author = {Aristófanes},
	date = {2023},
}

@book{plutarco_obras_1995,
	location = {Madrid},
	title = {Obras morales y de costumbres},
	publisher = {Gredos},
	author = {Plutarco},
	date = {1995},
}

@incollection{noauthor_notitle_nodate,
}

@incollection{gonzalez_merino_homero_2023-1,
	title = {Homero y los misterios},
	pages = {2--3},
	author = {González Merino, José},
	date = {2023},
}

@article{noauthor_notitle_nodate-1,
}

@article{rivas_misterios_2012,
	title = {Los misterios de Eleusis y su funcionalidad en Ranas de Aristófanes},
	url = {https://www.academia.edu/9685948/Los_misterios_de_Eleusis_y_su_funcionalidad_en_Ranas_de_Arist%C3%B3fanes},
	abstract = {El fin del presente trabajo es doble: por un lado, una puesta al día y suscinta organización del material disponible acerca del culto mistérico de Eleusis en honor de Deméter, por otro, dar cuenta de la trascendencia de tales cultos y su},
	journaltitle = {Atienza, A.; Battiston, D.; et al. (coord.) Nóstoi: Estudios a la memoria de Elena Huber},
	author = {Rivas, Ezequiel},
	urldate = {2025-06-05},
	date = {2012-01-01},
	langid = {english},
	file = {Snapshot:C\:\\Users\\Eva\\Zotero\\storage\\HP2UXWZ3\\Los_misterios_de_Eleusis_y_su_funcionalidad_en_Ranas_de_Aristófanes.html:text/html},
}

@book{herodoto_historia_1989,
	location = {Madrid},
	title = {Historia},
	publisher = {Gredos},
	author = {Heródoto},
	translator = {Schrader, Carlos},
	date = {1989},
}

@book{reyes_religion_2018,
	location = {Ciudad de México},
	title = {Religión griega},
	publisher = {Fondo de Cultura Económica},
	author = {Reyes, Alfonso},
	date = {2018},
}


@book{b_cosmopoulos_greek_2005,
	location = {London},
	title = {Greek Mysteries. The Archaeology and Ritual of Ancient Greek Secret Cults},
	publisher = {Routledge},
	author = {B. Cosmopoulos, Michael},
	date = {2005},
}

@collection{b_torres_himno_2001,
	location = {Pamplona},
	title = {Himno Homérico a Deméter},
	publisher = {Eunsa},
	editor = {B. Torres, José},
	date = {2001},
}

@article{moral_garcia_influencia_2020,
	title = {La influencia de los misterios de Samotracia en la vida marítima de la Antigua Grecia},
	number = {4},
	author = {Moral García, Carlos},
	date = {2020},
}

@book{guettel_cole_theoi_1984,
	title = {Theoi Megaloi: The Cult of the Great Gods at Samothrace},
	publisher = {Leiden},
	author = {Guettel Cole, Susan},
	date = {1984},
}

@book{herodoto_historia_1992,
	location = {Madrid},
	title = {Historia. Libro {II}: Euterpe},
	publisher = {Gredos},
	author = {Heródoto},
	date = {1992},
}


@book{m_dimitrova_theoroi_2008,
	location = {Princeton},
	title = {Theoroi and Initiates in Samothrace. The Epigraphical Evidence},
	publisher = {The American School of Classical Studies at Athens},
	author = {M. Dimitrova, Nora},
	date = {2008},
}

@incollection{romero_recio_recetas_2012,
	location = {Sevilla},
	title = {Recetas para tratar el miedo al mar: las ofrendas a los dioses},
	booktitle = {La Religión del mar. Dioses y Ritos de Navegación en el Mediterráneo Antiguo},
	publisher = {Secretariado de publicaciones de la Universidad de Sevilla},
	author = {Romero Recio, Mirella},
	date = {2012},
}

@incollection{clinton_athenssamothrace_2021,
	location = {Berlín},
	title = {Athens,Samothrace, and the Mysteria   of the Samothracian Great Gods},
	publisher = {De Gruyter},
	author = {Clinton, Kevin},
	date = {2021},
}

@book{clemente_de_alejandria_protrerpico_2008,
	location = {Madrid},
	title = {Protrérpico},
	publisher = {Gredos},
	author = {Clemente de Alejandría, Clemente},
	date = {2008},
}

@book{bowden_mystery_2023,
	location = {Londres},
	title = {Mystery cults in the Ancient World},
	publisher = {Thames \& Hudson},
	author = {Bowden, Hugh},
	date = {2023},
}

@book{kerenyi_introduccion_2004,
	location = {Madrid},
	title = {Introducción a la Esencia de la mitología},
	publisher = {Siruela},
	author = {Kerenyi, Károly and Jung, Carl},
	date = {2004},
}

@artwork{artist_danes_nodate,
	title = {Danés:  Votivrelieve. Deméter, Triptolemos y Perséfone / kore ståendetitle {QS}:P1476,da:"Votivrelief. Demeter, Triptolemos og Persefone / kore stående"},
	rights = {This file is made available under the Creative Commons {CC}0 1.0 Universal Public Domain Dedication.},
	url = {https://commons.wikimedia.org/wiki/File:Ubekendt,_Votivrelief_Demeter,_Triptolemos_og_Persefone_-_kore_st%C3%A5ende,_,_KAS311,_Statens_Museum_for_Kunst.jpg#Licensing},
	shorttitle = {Danés},
	author = {artist, Artista {desconocidoUnknown}},
	urldate = {2025-07-17},
	file = {Wikimedia Snapshot:C\:\\Users\\Eva\\Zotero\\storage\\XYIJASIX\\FileUbekendt,_Votivrelief_Demeter,_Triptolemos_og_Persefone_-_kore_stående,_,_KAS311,_Statens_.html:text/html},
}

@article{a_evans_sanctuaries_2002,
	title = {Sanctuaries, Sacrifices, and the Eleusinian Mysteries},
	volume = {49},
	pages = {227--254},
	author = {A. Evans, Nancy},
	date = {2002},
}

